<record><leader>00000cas a22000007a 4500</leader><controlfield tag="001">18132908</controlfield><controlfield tag="008">880624d184118uulauwr ne      0    0eng d</controlfield><datafield ind1=" " ind2=" " tag="010"><subfield code="a">sn 88064506 </subfield></datafield><datafield ind1=" " ind2=" " tag="040"><subfield code="a">LNP</subfield><subfield code="b">eng</subfield><subfield code="c">LNP</subfield><subfield code="d">YOX</subfield><subfield code="d">LNP</subfield><subfield code="d">OCL</subfield><subfield code="d">LNP</subfield><subfield code="d">OCLCQ</subfield><subfield code="d">OCLCF</subfield><subfield code="d">OCLCO</subfield></datafield><datafield ind1=" " ind2=" " tag="042"><subfield code="a">msc</subfield></datafield><datafield ind1=" " ind2=" " tag="043"><subfield code="a">n-us-la</subfield></datafield><datafield ind1="0" ind2="4" tag="245"><subfield code="a">The Weekly Crescent City.</subfield></datafield><datafield ind1=" " ind2=" " tag="260"><subfield code="a">New Orleans [La.] :</subfield><subfield code="b">O'Dowd &amp; Purcell</subfield></datafield><datafield ind1=" " ind2=" " tag="300"><subfield code="a">v.</subfield></datafield><datafield ind1=" " ind2=" " tag="310"><subfield code="a">Weekly</subfield></datafield><datafield ind1="1" ind2=" " tag="362"><subfield code="a">Began with Jan. 24, 1841 issue.</subfield></datafield><datafield ind1=" " ind2=" " tag="580"><subfield code="a">Daily ed.: Crescent City (New Orleans, La.).</subfield></datafield><datafield ind1=" " ind2=" " tag="588"><subfield code="a">Description based on: Vol. 1, no. 8 (Mar. 14, 1841).</subfield></datafield><datafield ind1=" " ind2="0" tag="651"><subfield code="a">New Orleans (La.)</subfield><subfield code="v">Newspapers.</subfield></datafield><datafield ind1=" " ind2="7" tag="655"><subfield code="a">Newspapers.</subfield><subfield code="2">fast</subfield><subfield code="0">(OCoLC)fst01423814</subfield></datafield><datafield ind1=" " ind2="7" tag="651"><subfield code="a">Louisiana</subfield><subfield code="z">New Orleans.</subfield><subfield code="2">fast</subfield><subfield code="0">(OCoLC)fst01204311</subfield></datafield><datafield ind1=" " ind2=" " tag="752"><subfield code="a">United States</subfield><subfield code="b">Louisiana</subfield><subfield code="c">Orleans</subfield><subfield code="d">New Orleans.</subfield></datafield><datafield ind1="1" ind2=" " tag="775"><subfield code="t">Crescent City (New Orleans, La.)</subfield><subfield code="w">(DLC)sn 86079012</subfield></datafield></record>